@misc{liang2021swinir,
      title={SwinIR: Image Restoration Using Swin Transformer}, 
      author={Jingyun Liang and Jiezhang Cao and Guolei Sun and Kai Zhang and Luc Van Gool and Radu Timofte},
      year={2021},
      eprint={2108.10257},
      archivePrefix={arXiv},
      primaryClass={eess.IV}
}

@article{Doe:1966,
    author = "John Doe",
    tile = "Study on the risks of ur mom haha",
    year = 1966,
    journal = "BibTeX Publishing",
    volume = 44,
    number = 44,
    pages = {123--456}
}

@misc{knuthwebsite,
    author    = "Donald Knuth",
    title     = "Knuth: Computers and Typesetting",
    url       = "http://www-cs-faculty.stanford.edu/\~{}uno/abcde.html"
}