% Other CS 545 final project papers that we like

@unpublished{bois,
  author = {Evan Matthews and Nic Prate},
  note   = {CS 545 Final Project Paper},
  title  = {Nearest Neighbor Classification for Classical Image Upscaling},
  year   = {2023}
}

@unpublished{Sanniboina,
  author = {Saikrishna Sanniboina, Pallavi Jain, Rithik Kulkarni},
  note   = {CS 545 Final Project Paper},
  title  = {Audio Processing - RRR (Restoration, Recognition, Regeneration)},
  year   = {2023}
}

@unpublished{key,
  author = {Joseph Kuang},
  note   = {CS 545 Final Project Paper},
  title  = {Gesture Identification Enhancement System (GIES)},
  year   = {2023}
}

@unpublished{Janveja,
  author = {Ishani Janveja, Nidhish Kamath and Sonali Merchia},
  note   = {CS 545 Final Project Paper},
  title  = {Semantic Listening In Noise Cancelling Headsets},
  year   = {2023}
}

@unpublished{key,
  author = {Nicholas Keritotis, Aryan Raja, Tyler Lee},
  note   = {CS 545 Final Project Paper},
  title  = {Single Channel Audio Decomposition with NMF},
  year   = {2023}
}